<?xml version="1.0" encoding="UTF-8"?><collection xmlns="http://www.loc.gov/MARC21/slim"><record><leader>00466nam--2200133-i-4500</leader><controlfield tag="001">000014060</controlfield><controlfield tag="002">20161230</controlfield><controlfield tag="005">20161230201030</controlfield><controlfield tag="008">060222s1000------------r-----000-0-eng-d</controlfield><datafield ind1=" " ind2=" " tag="100"><subfield code="a">Diop, Libasse</subfield></datafield><datafield ind1=" " ind2=" " tag="245"><subfield code="a">La liaison hydrogene dans les interactions de l acide nitrique avec des bases organiques et l ion nitrate: ions de type bh+, bhb+, aha- et a3h2. these</subfield></datafield><datafield ind1=" " ind2=" " tag="260"><subfield code="a">Languedoc, Universite Des Sciences Et Techniques, 1976</subfield></datafield><datafield ind1=" " ind2=" " tag="490"><subfield code="a">133p</subfield></datafield><datafield ind1=" " ind2=" " tag="852"><subfield code="a">543.52(043)</subfield></datafield></record></collection>